<record xmlns="http://www.loc.gov/MARC21/slim" xmlns:xsi="http://www.w3.org/2001/XMLSchema-instance" xsi:schemaLocation="http://www.loc.gov/MARC21/slim http://www.loc.gov/standards/marcxml/schema/MARC21slim.xsd">

  <leader>00510nam a2200181Ia 4500</leader>
  <controlfield tag="008">150714b1999    us ||||| |||| 00| | eng d</controlfield>
  <datafield ind1=" " tag="020" ind2=" ">
    <subfield code="a">0761990429</subfield>
  </datafield>
  <datafield tag="090" ind1=" " ind2=" ">
    <subfield code="a">05.01.01 </subfield>
    <subfield code="b">1140</subfield>
  </datafield>
  <datafield ind2=" " ind1="1" tag="100">
    <subfield code="a">Schensul, Jean J. </subfield>
    <subfield code="9">293</subfield>
  </datafield>
  <datafield ind2="0" tag="245" ind1="1">
    <subfield code="a">Using ethnographic data /  </subfield>
    <subfield code="c">Jean J. Schensul</subfield>
  </datafield>
  <datafield ind1=" " tag="260" ind2=" ">
    <subfield code="a">USA : </subfield>
    <subfield code="b">Altamira Press, </subfield>
    <subfield code="c">1999</subfield>
  </datafield>
  <datafield ind2=" " tag="300" ind1=" ">
    <subfield code="a">190 páginas</subfield>
  </datafield>
  <datafield tag="650" ind1="1" ind2="4">
    <subfield code="a">ETNOGRAFÍA</subfield>
    <subfield code="9">286</subfield>
  </datafield>
  <datafield tag="650" ind1="1" ind2="4">
    <subfield code="a">MÉTODOS DE INVESTIGACIÓN </subfield>
    <subfield code="9">288</subfield>
  </datafield>
  <datafield tag="650" ind1="1" ind2="4">
    <subfield code="a">EVALUACIÓN </subfield>
    <subfield code="9">287</subfield>
  </datafield>
  <datafield ind2="4" ind1="1" tag="650">
    <subfield code="a">ETNOLOGÍA </subfield>
    <subfield code="9">284</subfield>
  </datafield>
  <datafield ind2=" " tag="942" ind1=" ">
    <subfield code="2">z</subfield>
    <subfield code="c">01</subfield>
  </datafield>
  <datafield ind2=" " tag="999" ind1=" ">
    <subfield code="c">27</subfield>
    <subfield code="d">27</subfield>
  </datafield>
</record>